<?xml version="1.0" encoding="UTF-8"?><collection><record><leader>05237ntm a2200529 a 4500</leader><controlfield tag="001">006768483</controlfield><controlfield tag="003">MiAaHDL</controlfield><controlfield tag="005">20190719000000.0</controlfield><controlfield tag="006">m        d        </controlfield><controlfield tag="007">cr bn ---auaua</controlfield><controlfield tag="008">090505s15uu    xx            00| ||ara d</controlfield><datafield tag="035" ind1=" " ind2=" "><subfield code="a">(MiU)006768483</subfield></datafield><datafield tag="035" ind1=" " ind2=" "><subfield code="a">sdr-miu006768483</subfield></datafield><datafield tag="040" ind1=" " ind2=" "><subfield code="a">MiU</subfield><subfield code="c">MiU</subfield><subfield code="e">amremm</subfield></datafield><datafield tag="043" ind1=" " ind2=" "><subfield code="a">n-us-mi</subfield></datafield><datafield tag="100" ind1="1" ind2=" "><subfield code="6">880-01</subfield><subfield code="a">Rāzī, Muḥammad ibn Abī Bakr,</subfield><subfield code="d">active 1261.</subfield></datafield><datafield tag="245" ind1="1" ind2="0"><subfield code="6">880-03</subfield><subfield code="a">Mukhtār al-Ṣiḥāḥ,</subfield><subfield code="f">[16th century?].</subfield></datafield><datafield tag="246" ind1="3" ind2="8"><subfield code="a">لغة العربى</subfield></datafield><datafield tag="246" ind1="3" ind2=" "><subfield code="i">Title from inscription on 'title page' (p.1):</subfield><subfield code="a">مختار الصحاح</subfield></datafield><datafield tag="260" ind1=" " ind2=" "><subfield code="c">[15--?].</subfield></datafield><datafield tag="300" ind1=" " ind2=" "><subfield code="a">94 leaves :</subfield><subfield code="b">paper ;</subfield><subfield code="c">259 x 188 (193 x 113) mm. bound to 260 x 188 mm.</subfield></datafield><datafield tag="500" ind1=" " ind2=" "><subfield code="a">Shelfmark: Ann Arbor, University of Michigan, Special Collections Library, Isl. Ms. 125</subfield></datafield><datafield tag="500" ind1=" " ind2=" "><subfield code="a">Origin: Lacks dated colophon ; paper suggests 16th century.</subfield></datafield><datafield tag="500" ind1=" " ind2=" "><subfield code="a">Former shelfmark: British Museum, London "No. 23. Mukhtar al-sihah."</subfield></datafield><datafield tag="500" ind1=" " ind2=" "><subfield code="a">Binding: Pasteboard covered in green-brown leather with dark brown leather repairs on spine and at edges/turn-ins ; Type II binding (with flap, now mostly lost) ; board linings in laid paper ; cover bears blind-stamped scalloped mandorla with floral vegetal composition (compare Déroche class. NA 4) and gold-painted accents, along with frame in tooled fillets; sewn in yellow thread, two stations, though many quires loose ; endbands entirely gone ; in extremely poor condition with envelope flap and portion of fore-edge flap lost, upper cover detaching, significant abrasion, staining, lifting and losses of leather (especially at spine), delamination of boards, etc. ; housed in box for protection.</subfield></datafield><datafield tag="500" ind1=" " ind2=" "><subfield code="a">Support: non-European laid paper with 6-7 laid lines per cm., curved and sagging ; chain lines only sporadically visible ; quite smooth with very few inclusions but whole fibers seen in sheet ; minor pest damage and staining.</subfield></datafield><datafield tag="500" ind1=" " ind2=" "><subfield code="a">Decoration: Keywords, section headings, and abbreviations rubricated ; occasional textual divders in the form of inverted commas in red.</subfield></datafield><datafield tag="500" ind1=" " ind2=" "><subfield code="a">Script: Nastaʻlīq ; virtually serifless ; mainly closed counters ; characteristic effect of words descending to baseline, occasionally even more exaggerated ; occasional extension of horizontal strokes ; mainly closed counters ; letterforms characteristic of nastaʻlīq ; extensively vocalized.</subfield></datafield><datafield tag="500" ind1=" " ind2=" "><subfield code="a">Layout: Written in 17 lines per page ; frame-ruled.</subfield></datafield><datafield tag="500" ind1=" " ind2=" "><subfield code="a">Collation: 9 V(90), I (92), 2 (94) ; a leaf or more may be missing near close (between pp.186-187, compare catchwords) ; chiefly quinions ; catchwords present ; pagination in pencil, Western numerals, supplied during digitization.</subfield></datafield><datafield tag="500" ind1=" " ind2=" "><subfield code="a">Explicit: "اللام اللبد بوزن الجلد واحد اللبد واللبدة اخص منه قلت وجمعهما البد ومنه قوله بضم الكاف وقد يدخلون عليه تمت الكتاب بعون الله الملك الوهاب تم"</subfield></datafield><datafield tag="500" ind1=" " ind2=" "><subfield code="a">Incipit: "الحمد لله بجميع المحامد على جميع النعم والصلوة والسلام على خير خلقه محمد المبعوث إلى خير الأمم وعلى آله وصحبه مفاتيح الحكم ومصابيح الظلم قال العبد الفقير إلى رحمة ربه ومعرفته محمد بن أبي بكر بن عبد القادر الرازي رحمة الله تعالي عليه هذا مختصر في علم اللغة جمعته من كتاب الصحاح ... وسميته مختار الصحاح ..."</subfield></datafield><datafield tag="500" ind1=" " ind2=" "><subfield code="a">Title from opening (p.2).</subfield></datafield><datafield tag="500" ind1=" " ind2=" "><subfield code="a">Ms. codex.</subfield></datafield><datafield tag="510" ind1="4" ind2=" "><subfield code="a">Brockelmann, C. GAL,</subfield><subfield code="c">I, 128 (d) ; SI, 196</subfield></datafield><datafield tag="520" ind1="8" ind2=" "><subfield code="a">Incomplete copy of al-Rāzī's abridged recension of al-Jawharī's Arabic lexicon, Tāj al-lughah wa-ṣiḥāḥ al-ʻArabīyah, commonly known as al-Ṣiḥāḥ. Ends just following Baāb al-Kāf with an excerpt from Bāb al-Lām.</subfield></datafield><datafield tag="538" ind1=" " ind2=" "><subfield code="a">Mode of access: Internet.</subfield></datafield><datafield tag="541" ind1=" " ind2=" "><subfield code="c">Purchase ;</subfield><subfield code="a">Acquired by purchase along with Abdul Hamid Collection (funds donated by Horace Rackham).</subfield><subfield code="d">1924.</subfield></datafield><datafield tag="546" ind1=" " ind2=" "><subfield code="a">Arabic.</subfield></datafield><datafield tag="561" ind1=" " ind2=" "><subfield code="a">Bookplate of British Museum, London on interior of upper cover, "British Museum, London. No. 23. Mukhtar al-sihah." ; circular seal impression with figure of goat/gazelle in purple ink as well as inscription "122" in Western numerals 'title page' (p.1) ; also on 'title page' (p.1) waqf statement in name of al-Sayyid al-Ḥājj ʻAbd Allāh, muftī in Erzincan, reads "وقف السيد الحاج عبد الله المفتي بكتبخانه [؟] المعمورة بارزنجان" ; fairly clean copy with very few marginalia.</subfield></datafield><datafield tag="650" ind1=" " ind2="0"><subfield code="a">Manuscripts, Arabic</subfield><subfield code="z">Michigan</subfield><subfield code="z">Ann Arbor.</subfield></datafield><datafield tag="650" ind1=" " ind2="0"><subfield code="a">Arabic language</subfield><subfield code="x">Lexicology</subfield><subfield code="v">Early works to 1800.</subfield></datafield><datafield tag="650" ind1=" " ind2="0"><subfield code="a">Arabic language</subfield><subfield code="v">Dictionaries</subfield><subfield code="v">Early works to 1800.</subfield></datafield><datafield tag="700" ind1="1" ind2=" "><subfield code="6">880-04</subfield><subfield code="a">Jawharī, Ismāʻīl ibn Ḥammād,</subfield><subfield code="d">-1003?</subfield><subfield code="t">Ṣiḥāḥ.</subfield></datafield><datafield tag="773" ind1="0" ind2=" "><subfield code="a">Tiflis Collection.</subfield></datafield><datafield tag="880" ind1="1" ind2=" "><subfield code="6">700-04/</subfield><subfield code="a">جوهري، اسماعيل بن حماد،</subfield><subfield code="t">صحاح.</subfield></datafield><datafield tag="880" ind1="1" ind2="0"><subfield code="6">245-03/</subfield><subfield code="a">مختار الصحاح,</subfield><subfield code="f">[القرن 16م؟].</subfield></datafield><datafield tag="880" ind1="1" ind2=" "><subfield code="6">100-01/</subfield><subfield code="a">رازي, محمد بن ابي بكر.</subfield></datafield><datafield tag="CID" ind1=" " ind2=" "><subfield code="a">006768483</subfield></datafield><datafield tag="DAT" ind1="0" ind2=" "><subfield code="a">20190719102635.0</subfield><subfield code="b">20190719000000.0</subfield></datafield><datafield tag="DAT" ind1="1" ind2=" "><subfield code="a">20190719090653.0</subfield><subfield code="b">2019-07-19T16:11:20Z</subfield></datafield><datafield tag="DAT" ind1="2" ind2=" "><subfield code="a">2015-10-02T18:00:03Z</subfield></datafield><datafield tag="CAT" ind1=" " ind2=" "><subfield code="a">SDR-MIU</subfield><subfield code="d">EX LIBRIS - ALEPH</subfield><subfield code="l">prepare.pl-004-008</subfield></datafield><datafield tag="FMT" ind1=" " ind2=" "><subfield code="a">BK</subfield></datafield><datafield tag="HOL" ind1=" " ind2=" "><subfield code="0">sdr-miu006768483</subfield><subfield code="a">MiU</subfield><subfield code="b">SDR</subfield><subfield code="c">MIU</subfield><subfield code="p">mdp.39015079125269</subfield><subfield code="s">MIU</subfield><subfield code="1">006768483</subfield></datafield><datafield tag="974" ind1=" " ind2=" "><subfield code="b">MIU</subfield><subfield code="c">MIU</subfield><subfield code="d">20190719</subfield><subfield code="s">lit-dlps-dc</subfield><subfield code="u">mdp.39015079125269</subfield><subfield code="y">1599</subfield><subfield code="r">pd</subfield><subfield code="q">bib</subfield><subfield code="t">non-US bib date1 &lt; 1879</subfield></datafield></record></collection>